
@article{Akyildiz,
 author = {Akyildiz, I. F. and Su, W. and Sankarasubramaniam, Y. and Cayirci, E.},
 title = {Wireless sensor networks: a survey},
 journal = {Comput. Netw.},
 issue_date = {15 March 2002},
 volume = {38},
 number = {4},
 month = mar,
 year = {2002},
 issn = {1389-1286},
 pages = {393--422},
 numpages = {30},
 url = {http://dx.doi.org/10.1016/S1389-1286(01)00302-4},
 doi = {10.1016/S1389-1286(01)00302-4},
 acmid = {585777},
 publisher = {Elsevier North-Holland, Inc.},
 address = {New York, NY, USA},
 keywords = {ad hoc networks, application layer, data link layer, error control, medium access control, networking layer, physical layer, power aware protocols, routing, transport layer, wireless sensor networks},
}

@inproceedings{6lowpan,
 author = {Ma, Xin and Luo, Wei},
 title = {The Analysis of 6LowPAN Technology},
 booktitle = {Proceedings of the 2008 IEEE Pacific-Asia Workshop on Computational Intelligence and Industrial Application - Volume 01},
 series = {PACIIA '08},
 year = {2008},
 isbn = {978-0-7695-3490-9},
 pages = {963--966},
 numpages = {4},
 url = {http://dx.doi.org/10.1109/PACIIA.2008.72},
 doi = {10.1109/PACIIA.2008.72},
 acmid = {1494769},
 publisher = {IEEE Computer Society},
 address = {Washington, DC, USA},
 keywords = {IPv6, IEEE802.15.4, LR-WPAN, 6LowPAN},
} 

@article{802154a,
 author = {Karapistoli, Eirini and Pavlidou, Fotini-Niovi and Gragopoulos, Ioannis and Tsetsinas, Ioannis},
 title = {An overview of the IEEE 802.15.4a standard},
 journal = {Comm. Mag.},
 issue_date = {January 2010},
 volume = {48},
 number = {1},
 month = jan,
 year = {2010},
 issn = {0163-6804},
 pages = {47--53},
 numpages = {7},
 url = {http://dx.doi.org/10.1109/MCOM.2010.5394030},
 doi = {10.1109/MCOM.2010.5394030},
 acmid = {1820995},
 publisher = {IEEE Press},
 address = {Piscataway, NJ, USA},
} 

@inproceedings{DCOSS12,
 author = {X. Tong and E. C.-H. Ngai},
 title = {A Ubiquitous Publish/Subscribe Platform for Wireless Sensor Networks with Mobile Mules},
 booktitle={Proc. of IEEE DCOSS},
year = {2012},
month = may,
location = {Hangzhou, China},
} 

